@misc{
  vanderburg2011, title={Sander van der Burg's blog},
  url={http://sandervanderburg.blogspot.com/2011/11/on-nix-nixos-and-filesystem-hierarchy.html},
  journal={Sander van der Burg's blog},
  author={van der Burg, Sander},
  year={2011},
  month={Nov}
}
@techreport{fhs3,
  type = {Standard},
  key = {Filesystem Hiearchy Standard 3.0},
  month = June,
  day = 3,
  year = {2015},
  title = {Filesystem Hierarchy Standard},
  volume = {2000},
  institution = {The Linux Foundation},
}